@MISC{schaeffer,
author = {Sch채ffer, Bruno},
title = {Probleme bei Thin-Clients },
howpublished = "\url{http://www.sigs.de/publications/js/2003/01/schaeffer_JS_01_03.pdf}",
year = {2003},
note = "[abgerufen am 05. M채rz 2015]"
}

@MISC{xmpp,
author = {	 Millard, Peter and  Saint-Andre, Peter and  Meijer, Ralph},
title = {Publish-Subscribe},
howpublished = "\url{http://xmpp.org/extensions/xep-0060.html#intro}",
year = {2010},
note = "[abgerufen am 05. M채rz 2015]"
}

@MISC{android,
author = {	 Statista - Das Statistik Portal},
title = {Marktanteil Android, iOs},
howpublished = "\url{http://de.statista.com/statistik/daten/studie/256790/umfrage/marktanteile-von-android-und-ios-am-smartphone-absatz-in-deutschland/}",
year = {2015},
note = "[abgerufen am 05. M채rz 2015]"
}
